@misc{GDRef,
  title = {{Gradient Descent - Linear Regression in one variable}},
  howpublished = "\url{https://www.coursera.org/lecture/machine-learning/gradient-descent-8SpIM}",
}

@misc{UCIDataset,
  title = {{UCI Machine Learning Repository: Data Sets}},
  howpublished = "\url{https://archive.ics.uci.edu/ml/datasets.html}",
}
